<?xml version="1.0" encoding="UTF-8"?><record xmlns="http://www.loc.gov/MARC21/slim" xmlns:cinclude="http://apache.org/cocoon/include/1.0" xmlns:zs="http://www.loc.gov/zing/srw/">
  <leader>00887cz  a2200157n  4500</leader>
  <controlfield tag="001">no 95045708 </controlfield>
  <controlfield tag="003">DLC</controlfield>
  <controlfield tag="005">20030222071349.0</controlfield>
  <controlfield tag="008">950926n| acannaabn          |n aaa     c</controlfield>
  <datafield tag="010" ind1=" " ind2=" ">
    <subfield code="a">no 95045708 </subfield>
  </datafield>
  <datafield tag="035" ind1=" " ind2=" ">
    <subfield code="a">(OCoLC)oca03926361</subfield>
  </datafield>
  <datafield tag="040" ind1=" " ind2=" ">
    <subfield code="a">FMU</subfield>
    <subfield code="c">FMU</subfield>
    <subfield code="d">OOC</subfield>
  </datafield>
  <datafield tag="100" ind1="1" ind2=" ">
    <subfield code="a">Lifschey, Samuel,</subfield>
    <subfield code="d">1889-1961</subfield>
  </datafield>
  <datafield tag="670" ind1=" " ind2=" ">
    <subfield code="a">Scale and arpeggio studies for the viola, 1939:</subfield>
    <subfield code="b">t.p. (Samuel Lifschey)</subfield>
  </datafield>
  <datafield tag="670" ind1=" " ind2=" ">
    <subfield code="a">The recorded viola. Volume I [SR] p1995:</subfield>
    <subfield code="b">label (Samuel Lifschey) insert (b. May 6, 1889, New York City, of immigrant Jewish parents; graduated as civil engineer in 1911; d. Sept. 14, 1961, Philadelphia; Russian-American violist, engineer, dentist, and pharmacist; was 66 years old at time of retirement from the Philadelphia Orchestra in 1955)</subfield>
  </datafield>
  <datafield tag="670" ind1=" " ind2=" ">
    <subfield code="a">OCLC, Feb. 21, 2003</subfield>
    <subfield code="b">(hdgs.: Lifschey, Samuel, 1889- ; Lifschey, Samuel, 1899- ; Lifschey, Samuel, 1889-1961; usage: Samuel Lifschey)</subfield>
  </datafield>
</record>